@ARTICLE{ViObjectTracker,
  author={T. {Sandy} and J. {Buchli}},
  journal={IEEE Robotics and Automation Letters}, 
  title={Object-Based Visual-Inertial Tracking for Additive Fabrication}, 
  year={2018},
  volume={3},
  number={3},
  pages={1370-1377},
  doi={10.1109/LRA.2018.2798700}
}
  
@misc{ResearchMode,
    title={HoloLens 2 Research Mode as a Tool for Computer Vision Research}, 
    author={Dorin Ungureanu and Federica Bogo and Silvano Galliani and Pooja Sama and Xin Duan and Casey Meekhof and Jan Stühmer and Thomas J. Cashman and Bugra Tekin and Johannes L. Schönberger and Pawel Olszta and Marc Pollefeys},
    year={2020},
    eprint={2008.11239},
    archivePrefix={arXiv},
    primaryClass={cs.CV}
}

@misc{HololensOverview,
    key={HlOv},
    organisation={Microsoft Corporation},
    title={Holo{L}ens 2 Overview},
    howpublished={\url{https://www.microsoft.com/en-us/hololens/hardware}},
    note={[Online; accessed April 2021]}
}

@misc{HololensPerception,
    key={Perc},
    organisation={Microsoft Corporation},
    title={Holo{L}ens Perception {API}},
    howpublished={\url{https://docs.microsoft.com/en-us/uwp/api/windows.perception.spatial?view=winrt-19041}},
    note={[Online; accessed April 2021]}
}

@misc{HololensHardware,
    key={HlHw},
    organisation={Microsoft Corporation},
    title={Holo{L}ens 2 Hardware},
    howpublished={\url{https://docs.microsoft.com/en-us/hololens/hololens2-hardware}},
    note={[Online; accessed April 2021]}
}

@misc{DocMixedReality,
    key={MRDoc},
    organisation={Microsoft Corporation},
    title={Mixed reality documentation},
    howpublished={\url{https://docs.microsoft.com/en-us/windows/mixed-reality/}},
    note={[Online; accessed April 2021]}
}

@misc{DevMixedReality,
    key={MRDev},
    organisation={Microsoft Corporation},
    title={Introduction to Mixed Reality development},
    howpublished={\url{https://docs.microsoft.com/en-gb/windows/mixed-reality/develop/development}},
    note={[Online; accessed April 2021]}
}

@misc{DevicePortal,
    key={DevPortal},
    organisation={Microsoft Corporation},
    title={HoloLens Device Portal},
    howpublished={\url{https://docs.microsoft.com/en-us/windows/mixed-reality/develop/platform-capabilities-and-apis/using-the-windows-device-portal}},
    note={[Online; accessed April 2021]}
}

@misc{UnityMRTK,
    key={MRTKUnity},
    organisation={Microsoft Corporation},
    title={Mixed {R}eality {T}oolkit for {U}nity},
    howpublished={\url{https://docs.microsoft.com/en-gb/windows/mixed-reality/develop/unity/mrtk-getting-started}},
    note={[Online; accessed April 2021]}
}

@misc{GithubRepoHololens2ForCV,
    key={Hl2foCV},
    organisation={Microsoft Corporation},
    title={Microsoft {HoloLens2ForCV} {G}ithub repository},
    howpublished={\url{https://github.com/microsoft/HoloLens2ForCV}},
    note={[Online; accessed April 2021]}
}

@ARTICLE{GradientObjectTracking,  author={D. G. {Lowe}},  journal={IEEE Transactions on Pattern Analysis and Machine Intelligence},   title={Fitting parameterized three-dimensional models to images},   year={1991},  volume={13},  number={5},  pages={441-450},  doi={10.1109/34.134043}}

@ARTICLE{RealTimeObjectTracking,  author={T. {Drummond} and R. {Cipolla}},  journal={IEEE Transactions on Pattern Analysis and Machine Intelligence},   title={Real-time visual tracking of complex structures},   year={2002},  volume={24},  number={7},  pages={932-946},  doi={10.1109/TPAMI.2002.1017620}}

@INPROCEEDINGS{OnlineLearningDetectors,  author={Z. {Kalal} and J. {Matas} and K. {Mikolajczyk}},  booktitle={2009 IEEE 12th International Conference on Computer Vision Workshops, ICCV Workshops},   title={Online learning of robust object detectors during unstable tracking},   year={2009},  volume={},  number={},  pages={1417-1424},  doi={10.1109/ICCVW.2009.5457446}}

@INPROCEEDINGS{ColorObjectTracking,  author={A. {Petit} and E. {Marchand} and K. {Kanani}},  booktitle={2014 IEEE International Conference on Robotics and Automation (ICRA)},   title={Combining complementary edge, keypoint and color features in model-based tracking for highly dynamic scenes},   year={2014},  volume={},  number={},  pages={4115-4120},  doi={10.1109/ICRA.2014.6907457}}

@INPROCEEDINGS{VisualInertialObjectTracking,
    author = {Georg Klein and Tom Drummond},
    title = {Tightly Integrated Sensor Fusion for Robust Visual Tracking},
    booktitle = {In Proc. British Machine Vision Conference (BMVC’02},
    year = {2002},
    pages = {787--796}
}

@ARTICLE{ConFusion,  author={T. {Sandy} and L. {Stadelmann} and S. {Kerscher} and J. {Buchli}},  journal={IEEE Robotics and Automation Letters},   title={ConFusion: Sensor Fusion for Complex Robotic Systems Using Nonlinear Optimization},   year={2019},  volume={4},  number={2},  pages={1093-1100},  doi={10.1109/LRA.2019.2894168}}

@misc{ceres-solver,
  author = "Sameer Agarwal and Keir Mierle and Others",
  title = "Ceres Solver",
  howpublished = "\url{http://ceres-solver.org}",
}

 @MISC{eigen,
  author = {Ga\"{e}l Guennebaud and Beno\^{i}t Jacob and others},
  title = {Eigen v3},
  howpublished = {http://eigen.tuxfamily.org},
  year = {2010}
 }
 
 @article{opencv_library,
    author = {Bradski, G.},
    citeulike-article-id = {2236121},
    journal = {Dr. Dobb's Journal of Software Tools},
    keywords = {bibtex-import},
    posted-at = {2008-01-15 19:21:54},
    priority = {4},
    title = {{The OpenCV Library}},
    year = {2000}
}

@misc{boost,
    key={Boost},
    title={Boost {C}++ Libraries},
    howpublished={\url{http://www.boost.org/}},
    note={[Online; accessed April 2021]}
}

@misc{Unity,
    key={Unity},
    title={Unity real-time development platform},
    howpublished={\url{https://unity.com/}},
    note={[Online; accessed April 2021]}
}

@misc{Unreal,
    key={Unreal},
    title={Unreal Engine},
    howpublished={\url{https://www.unrealengine.com/}},
    note={[Online; accessed April 2021]}
}
